<?xml version="1.0" encoding="UTF-8"?><collection xmlns="http://www.loc.gov/MARC21/slim"><record><leader>00326nam--2200121-i-4500</leader><controlfield tag="001">000046220</controlfield><controlfield tag="002">20161230</controlfield><controlfield tag="005">20161230201045</controlfield><controlfield tag="008">060222s1000------------r-----000-0-eng-d</controlfield><datafield ind1=" " ind2=" " tag="080"><subfield code="a">06.003(082.1)(47)</subfield></datafield><datafield ind1=" " ind2=" " tag="245"><subfield code="a">Uniunea republicilor sovietice socialiste. studii monografice</subfield></datafield><datafield ind1=" " ind2=" " tag="260"><subfield code="a">Bucuresti, Inid, 1988, 88p</subfield></datafield><datafield ind1=" " ind2=" " tag="852"><subfield code="a">78866</subfield></datafield></record></collection>